%%%%%%%%%%%%%%%%%%%%%%%%%%%%%%%%%%%%%%%%%%%
% knjige
%%%%%%%%%%%%%%%%%%%%%%%%%%%%%%%%%%%%%%%%%%%

% Biologija i hemija
@book{bioinf,
    title={{Bioinformatics}},
    author={Andrzej Polanski, Marek Kimmel},
    isbn={978-3-540-24166-9},
    year={2007},
    publisher={Springer-Verlag}
}

@book{pathways,
    title={{Biochemical Pathways: An Atlas Of Biochemestry and Molecular Biology}},
    author={Gerhard Michal, Dietmar Schomburg},
    isbn={978-0-470-14684-2},
    year={2012},
    publisher={A John Wiley \& Sons, Inc., Publication}
}


@book{biochemestry5,
    title={{Biochemistry Fifth Edition}},
    author={Richard A. Harvey, Denise R. Ferrier},
    isbn={978-1-60831-412-6},
    year={2011},
    publisher={Lippincott Williams \& Wilkins, a Wolters Kluwer business}
}

@book{biohUdz,
    title={{Opšta biohemija}},
    author={Slavica Spasić, Zorana Jelić-Ivanović, Vesna Spasojević-Kalimanovska},
    year={2002}
}

@book{SFIDP,
	title={{Structure and Function of Intrinscially Disordered Proteins}},
	author={Peter Tompa},
	year={2002}
}


@book{straus,
	title={{Štrausova medicinska biokemija}},
	author={Ivana Čepelak, Dubravka Cvorišćec},
	year={2009},
	publisher={Medicinska naklada}
}


@book{PSF,
	title={{Protein Structure and Function}},
	author={Georgy A Pesko, Dagmar Ringe},
	year={2004},
	publisher={New Science Press Ltd}
}


@book{BMBG,
title={{Biochemistry, Molecular Biology, and Genetics}},
author={Michael A. Lieberman, Rick Ricer},
year={2004},
publisher={New Science Press Ltd}
}


% Masinsko ucenje
@book{introDM,
	title={{Introduction to Data Mining}},
	author={Tan Pang-Ning, Steinbach Michael, Kumar Vipin},
	year={2006},
	publisher={Pearson Education}
}

@book{elemSL,
	title={{The Elements of Statistical Learning, Second Edition}},
	author={Trevor Hastie, Robert Tibshirani, Jerome Friedman},
	year={2008},
	publisher={Springer}
}


%%%%%%%%%%%%%%%%%%%%%%%%%%%%%%%%%%%%%%%%%%%
% radovi
%%%%%%%%%%%%%%%%%%%%%%%%%%%%%%%%%%%%%%%%%%%

% Biologija i hemija
@paper{doktJK,
	title={{Strukturna predikcija funkcije proteina i odnos funckionalnih kategorija i neuređenosti}},
	author={Jovana Kovačević},
	year={2015}
}

@paper{radivojac,
	title={{A (not so) Quick Introduction to Protein Function Prediction}},
	author={Predrag Radivojac},
	year={2013}
}


% Mašinsko učenje
@paper{doktJG,
	title={{Prilog metodama klasifikacije teksta: matematički modeli i primene}},
	author={Jelena Graovac},
	year={2014}
}

%%%%%%%%%%%%%%%%%%%%%%%%%%%%%%%%%%%%%%%%%%%
% clanci
%%%%%%%%%%%%%%%%%%%%%%%%%%%%%%%%%%%%%%%%%%%

% Biologija i hemija
@misc{fspOnl,
	title={{The Function and Structure of Proteins}},
	author={Regina Bailey},
	year={2019},
	note= {on-line na: \url{https://www.thoughtco.com/protein-function-373550}}
}

@misc{nlmOnl,
	title={{What are proteins and what do they do?}},
	year={2019},
	note= {on-line na: \url{https://ghr.nlm.nih.gov/primer/howgeneswork/protein}}
}

@misc{roleOnl,
	title={{Role of proteins in the body}},
	year={2011},
	note= {on-line na: \url{https://www.sciencelearn.org.nz/resources/209-role-of-proteins-in-the-body}}
}

@misc{synthesisOnl,
	title={{Anatomy and Phisiology}},
	author={OpenStax},
	year={2013}
	note= {on-line na: \url{https://opentextbc.ca/anatomyandphysiology/}}
}

@misc{GO,
	title={{Gene Ontology}},
	note= {\url{http://geneontology.org/}}
}


@misc{quickGO,
	title={{QuickGO}},
	note= {\url{https://www.ebi.ac.uk/QuickGO/}}
}


% Mašinsko učenje

@misc{f1,
	title={{Evaluating Classification Models}},
	author={Ishaan Dey},
	year={2019},
	note= {on-line na: \href{https://towardsdatascience.com/hackcvilleds-4636c6c1ba53}{https://towardsdata science.com/hackcvilleds-4636c6c1ba53}}
}

@misc{pcaOnl,
	title={{Principal Component Analysis Tutorial}},
	author={DeZyre},
	year={2019},
	note= {on-line na: \url{https://www.dezyre.com/data-science-in-python-tutorial/principal-component-analysis-tutorial}}
}


@misc{handleImblMLOnl,
	title={{Handling imbalanced datasets in machine learning}},
	author={Baptiste Rocca},
	year={2019},
	note= {on-line na: \url{https://towardsdatascience.com/handling-imbalanced-datasets-in-machine-learning-7a0e84220f28}}
}


@misc{handleImblClfOnl,
	title={{How to Handle Imbalanced Data in Classification Problems}},
	author={Hoang Minh},
	year={2018},
	note= {on-line na: \url{https://towardsdatascience.com/handling-imbalanced-datasets-in-machine-learning-7a0e84220f28}}
}

@misc{ml,
	title={{Mašinsko učenje}},
	author={Mladen Nikolić, Anđelka Zečević},
	note= {on-line na: \url{http://ml.matf.bg.ac.rs/readings/ml.pdf}}
}

@misc{ni,
	title={{Naučno izračunavanje}},
	author={Mladen Nikolić, Anđelka Zečević},
	note= {on-line na: \url{http://ni.matf.bg.ac.rs/materijali/ni.pdf}}
}

@misc{vi,
	title={{Veštačka inteligencija}},
	author={Predrag Janičić, Mladen Nikolić},
	note= {on-line na: \url{http://poincare.matf.bg.ac.rs/~janicic/courses/vi.pdf}}
}

@misc{auc,
	title={{Understanding AUC-ROC curve}},
	author={Sarang Narkhede},
	note={on-line na: \href{https://towardsdatascience.com/understanding-auc-roc-curve-68b2303cc9c5}{https://towards datascience.com/understanding-auc-roc-curve-68b2303cc9c5}}
}

@misc{roc,
	title={{Classification: ROC Curve and AUC }},
	note={on-line na: \url{https://developers.google.com/machine-learning/crash-course/classification/roc-and-auc}}
}

@misc{cafa,
	title={{The CAFA challenge reports improved protein function predictionand new functional annotations for hundreds of genes throughexperimental screens}},
	author={Zhou et al.},
	note={on-line na: \url{https://www.biorxiv.org/content/biorxiv/early/2019/05/29/653105.full.pdf}}
}


@misc{biofCafa,
	title={{The CAFA challenge}},
	note={on-line na: \url{https://www.biofunctionprediction.org/cafa/}}
}

@misc{jiang,
	title={An expanded evaluation of protein function prediction methods shows an improvement in accuracy},
	author={Jiang Y. et al. (2016)}
	note={Genome Biol., 17, 184}
}


@misc{cozzeto,
	title={Protein function prediction by massive integration of evolutionary analyses and multiple data sources},
	author={Cozzetto D. et al. (2013)}
	note={BMC Bioinformatics, 14, S1}
}

@misc{gong,
	title={GoFDR: a sequence alignment based method for predicting protein functions.},
	author={Gong Q. et al. (2016)}
}

@misc{lan,
	title={MS-kNN: protein function prediction by integrating multiple data sources.},
	author={Lan L. et al. (2013)}
}

@misc{caoCheng,
	title={Integrated protein function prediction by mining function associations, sequences, and protein-protein and gene-gene interaction networks.},
	author={Cao R, Cheng J}
}

@misc{review,
	title={A Review of Protein Function Prediction Under Machine Learning Perspective},
	author={Juliana S. Bernardes, Carlos E. Pedreira}
}




